<?xml version="1.0" encoding="UTF-8"?><record xmlns="http://www.loc.gov/MARC21/slim" xmlns:cinclude="http://apache.org/cocoon/include/1.0" xmlns:zs="http://www.loc.gov/zing/srw/">
  <leader>00564cz  a2200157n  4500</leader>
  <controlfield tag="001">n 2009218484</controlfield>
  <controlfield tag="003">DLC</controlfield>
  <controlfield tag="005">20100928074854.0</controlfield>
  <controlfield tag="008">100927n| acannaabn          |b aaa      </controlfield>
  <datafield tag="010" ind1=" " ind2=" ">
    <subfield code="a">n 2009218484</subfield>
  </datafield>
  <datafield tag="040" ind1=" " ind2=" ">
    <subfield code="a">DLC</subfield>
    <subfield code="b">eng</subfield>
    <subfield code="c">DLC</subfield>
  </datafield>
  <datafield tag="100" ind1="1" ind2=" ">
    <subfield code="a">Quranī, ʻĀʼiḍ.</subfield>
    <subfield code="t">Lā taḥzan.</subfield>
    <subfield code="l">Urdu</subfield>
  </datafield>
  <datafield tag="400" ind1="1" ind2=" ">
    <subfield code="a">Quranī, ʻĀʼiḍ.</subfield>
    <subfield code="t">G̲h̲am nah karen̲</subfield>
  </datafield>
  <datafield tag="400" ind1="1" ind2=" ">
    <subfield code="a">Quranī, ʻĀʼiḍ.</subfield>
    <subfield code="t">غم نه کريں</subfield>
  </datafield>
  <datafield tag="667" ind1=" " ind2=" ">
    <subfield code="a">Non-Latin script reference not evaluated.</subfield>
  </datafield>
  <datafield tag="670" ind1=" " ind2=" ">
    <subfield code="a">Quranī, ʻĀʼiḍ. G̲h̲am nah karen̲, 2006:</subfield>
    <subfield code="b">t.p. (G̲h̲am nah karen̲ = غم نه کريں)</subfield>
  </datafield>
</record>